2232 2963
209 674 488 811 Graeci,
523 760 625 818 qun
658 761 872 811 natura,
908 761 997 806 aut
1030 771 1129 819 qna
1166 757 1220 805 vi
1254 758 1316 806 ad
1345 762 1551 806 'tantam
1591 755 1898 818 magnitudi-

203 840 325 873 nem
365 832 522 884 atque
557 824 942 886 amplitudinem
987 823 1335 878 ducerentur,
1387 825 1470 872 ubi
1521 830 1662 872 artes
1696 825 1896 886 partim

201 904 372 952 novas
406 902 688 950 generare,
723 892 910 953 partim
951 899 1163 940 veteres
1184 891 1463 939 absolvere
1499 898 1654 951 atque
1677 889 1896 953 perfice-

199 972 257 1003 re
293 954 598 1017 coepiffent,
637 964 932 1018 temporum
971 959 1334 1018 rationumque
1385 960 1684 1020 repentinas
1732 963 1896 1003 muta-

201 1024 372 1070 tiones
406 1022 838 1085 circumspiciens,
890 1022 1177 1071 non‘faciie
1208 1023 1415 1070 dixeris,
1486 1022 1727 1082 Namque
1761 1022 1894 1069 mul-

198 1096 250 1136 ta
286 1089 491 1137 iliorum
528 1095 713 1150 opera,
752 1097 910 1136 tantae
943 1092 1125 1150 gratiae
1159 1097 1420 1150 tantaeque
1450 1085 1781 1151 perfectionis
1835 1102 1891 1134 e-

198 1154 407 1217 xempla
442 1152 673 1209 exstant,
710 1162 769 1202 ut
800 1155 956 1203 fidem
991 1155 1101 1203 fere
1135 1155 1368 1215 superet,
1404 1155 1518 1202 illos
1552 1154 1685 1201 adeo
1720 1153 1893 1201 obscu-

133 1254 135 1256 .
197 1222 270 1268 ris
306 1219 548 1280 gentibus
582 1218 1014 1273 circumclausos,·
1043 1220 1260 1282 potuisse
1310 1228 1415 1267 tam
1470 1221 1639 1278 brevi,
1717 1225 1892 1265 tantas

195 1298 285 1332 res
321 1299 424 1332 non
466 1286 637 1332 animo
673 1284 832 1332 solum
865 1286 951 1332 fibi
986 1285 1208 1345 fingere,
1252 1284 1332 1332 sed
1369 1278 1515 1332 fic't'as
1547 1284 1608 1330 ad
1640 1283 1891 1331 summarii

194 1342 619 1413 pulchritudinis
621 1349 855 1410 effigiem
913 1348 1153 1398 formare.
1243 1350 1318 1397 In
1357 1351 1507 1398 ideis
1539 1350 1625 1396 seu
1682 1348 1890 1406 formis,

62 1445 73 1454 »
149 1401 151 1403 ‚
195 1432 355 1476 quum
391 1414 656 1475 singularis
686 1416 738 1462 &
776 1402 1080 1463 admirabilis
1113 1414 1354 1475 quaedain'
1385 1416 1623 1477 sapientia
1657 1422 1888 1479 apparet.

195 1489 306 1531 tum
340 1483 389 1532 in
424 1480 608 1532 vestitu
645 1482 893 1530 orationis
929 1481 1232 1542 dicendique
1252 1483 1627 1544 perpetuitate,
1661 1490 1889 1542 vegetae,

195 1562 455 1601 amoenae,
485 1555 641 1607 atque
664 1550 909 1609 perennis
945 1550 1142 1594 naturae
1180 1548 1506 1608 pulchritudo
1543 1550 1593 1595 in
1634 1555 1803 1595 totum
1836 1548 1888 1594 ie

193 1615 397 1662 exserit.
468 1612 725 1674 Qv'i‘dquid
765 1614 1028 1675 amplum,
1079 1614 1314 1666 sublime,
1349 1621 1589 1667 acutum,
1639 1615 1888 1674 elegans,

195 1688 376 1743 aptum
414 1679 467 1726 &
501 1679 775 1727 nervosum
812 1681 1022 1740 cogitari
1059 1678 1253 1743 potest,
1304 1680 1505 1728 illorum
1537 1680 1887 1743 pleriquffar-

193 1749 324 1795 tium
361 1746 638 1808 scriptores
675 1757 929 1808 perpetuo
968 1753 1165 1793 tenore
1216 1748 1263 1793 in
1318 1754 1522 1794 tantum
1583 1746 1884 1800 servarunt,

194 1823 254 1861 ut
290 1813 490 1864 nimbo,
529 1811 591 1869 (si
628 1812 707 1859 illa
745 1819 978 1874 tempora
1011 1812 1281 1873 respicias)
1328 1813 1487 1869 veluti
1526 1811 1708 1859 Pallas
1741 1810 1885 1860 efful-

189 1882 318 1940 gere
353 1878 640 1927 videautur.
711 1878 811 1925 Illis
850 1879 970 1926 nihil
1003 1877 1075 1925 est
1094 1878 1326 1930 otiosius,
1367 1880 1448 1925 seu
1483 1880 1637 1926 altius
1678 1878 1779 1941 sese
1811 1885 1882 1925 at-

123 1938 142 1956 ‘
193 1945 404 2006 tollant,
439 1950 526 1992 aut
564 1945 647 1991 ubi
683 1946 924 1992 materies
959 1947 1026 1991 ita
1058 1947 1234 1992 tulerit
1272 1945 1369 1992 sese
1406 1944 1734 1999 submittant.
1800 1943 1883 1993 Si-

190 2026 260 2059 ve
292 2013 428 2058 enim
470 2011 615 2071 epico
650 2010 847 2059 dicendi
871 2013 1064 2071 generi
1099 2009 1354 2069 addictos,
1401 2012 1511 2059 five
1543 2014 1741 2070 tragico
1773 2011 1881 2074 spe-

191 2075 334 2134 ctes,
367 2078 452 2125 vel
487 2077 524 2123 fi
559 2077 620 2123 ab
656 2077 737 2125 his
773 2078 1019 2133 diversus,
1064 2091 1152 2124 aut
1191 2090 1282 2125 eos
1328 2081 1413 2138 qui
1452 2078 1630 2140 spretis
1666 2077 1719 2124 &
1757 2093 1880 2125 con-

190 2145 402 2205 t'emptis
437 2144 665 2191 omnium
708 2145 987 2191 verborum
1025 2144 1491 2205 sententiarumque
1529 2139 1880 2199 ornamentiS‚

190 2212 467 2271 veritatem
499 2208 687 2257 n'uda'm
735 2213 943 2270 amant,
987 2212 1033 2255 in
1079 2210 1183 2256 illis
1221 2211 1432 2263 habeas,
1490 2209 1674 2270 quibus
1736 2212 1876 2256 omni
1926 2252 1928 2260 s

190 2268 429 2338 tempore
480 2287 671 2337 graves
702 2273 978 2324 defuerunt
1008 2277 1344 2329 aemulatores
1380 2277 1616 2337 quamvis
1653 2276 1877 2339 ipsorum

193 2340 402 2403 iingulis
423 2342 559 2390 nulli
594 2341 786 2391 fixerint
819 2342 993 2392 duces.

1709 2544 1875 2605 Atqui
