2232 2963
928 83 978 154 v)
1072 80 1342 168 32(

336 229 343 235 ’
429 236 597 298 Atqui
633 236 817 284 mirum
857 235 1004 291 sane,
1046 250 1199 298 quarn
1239 234 1434 285 diversa
1467 249 1495 282 a
1538 232 1747 297 reliquis
1791 235 1987 285 artibus
2058 258 2061 260 ·
2134 228 2138 230 ’

292 303 606 365 Eloquentia
644 303 822 349 habuit
855 302 973 358 fata.
1044 304 1177 352 Cum
1219 317 1402 351 eorum
1438 299 1706 364 plerique,
1764 304 1861 363 qui
1877 304 1987 351 illas

291 371 510 419 scribere
538 368 882 428 instituerant,
918 367 1136 431 posteris
1154 385 1309 434 opera
1330 369 1618 422 traderent,
1638 375 1858 446 quorum
1879 369 1986 443 ple·
2036 367 2067 391 Γ

293 452 456 497 raque
488 445 664 483 cotem
697 442 995 497 temporum
1028 436 1138 484 facil
1145 453 1172 491 e
1209 438 1470 492 tulerunt,
1506 443 1616 484 tum
1650 436 1800 498 primi
1835 432 1988 495 hujus

292 515 555 550 amatores
590 510 744 564 atque
778 503 1008 550 cultores
1045 505 1129 552 diu
1163 504 1283 552 nihil
1318 503 1411 553 nisi
1435 504 1596 551 exilia
1633 502 1989 565 experimenta

210 578 212 580 ’
291 567 462 617 fecisse
502 568 759 617 videntur.
830 568 1043 617 Etenim
1083 572 1323 631 quamvis
1356 569 1622 618 Homerus
1655 569 1741 632 ‚ille
1770 566 1989 617 Graeco-
2018 566 2033 585 ‘

295 650 414 683 rum
453 635 704 684 facundiae
741 634 860 682 fons
895 642 1053 696 atque
1081 644 1261 698 caput,
1309 635 1570 698 Superum
1609 635 1814 699 concilia
1843 633 1990 680 hero·

295 716 494 763 umque
530 702 916 756 contentiones,
952 705 1357 759 concitationes,
1398 701 1451 749 &
1485 701 1845 751 conciunculas
1881 701 1989 747 mo·

297 769 551 825 dulando,
587 780 673 815 res
706 769 767 814 ab
803 772 1014 815 oratore
1067 769 1332 817 notandas
1369 776 1525 830 atque
1577 767 1990 815 animadverten-

298 834 391 882 das
429 843 675 893 caneret,
710 836 1034 896 speciemque
1071 837 1321 896 elegantis
1355 834 1643 883 &sublimis
1679 831 1989 895 eloquentiae

301 900 622 956 ostenderet;
667 900 778 962 post
811 901 949 948 iilum
992 915 1122 949 vero
1160 900 1436 964 Sophoclis
1474 898 1860 963 Euripidisque
1873 913 1992 962 que·

293 968 428 1015 rulae
464 963 634 1013 Musae
670 968 785 1013 satis
822 968 1338 1022 commonstrarent,
1368 965 1663 1027 quomodo
1688 966 1868 1013 rhetor
1918 966 1990 1015 di-

295 1029 452 1079 &loni
485 1031 588 1078 suae
623 1031 812 1092 pathos
849 1028 1211 1093 adjungeret„
1248 1035 1284 1080 fi
1337 1033 1508 1082 sensus
1545 1031 1698 1079 affici
1713 1031 1991 1078 vehemen-

293 1100 402 1146 tius
438 1095 491 1144 &
524 1100 727 1144 moveri
761 1099 944 1151 vellet,
980 1114 1077 1146 nec
1115 1114 1218 1147 non
1255 1099 1306 1147 δι
1344 1101 1427 1147 alii
1477 1100 1665 1146 artium
1716 1096 1991 1158 scriptores

294 1164 520 1211 artificia
533 1163 829 1217 traderent,
867 1175 1089 1225 quorum
1127 1180 1227 1227 ope
1263 1158 1535 1226 graviores
1571 1162 1790 1212 existere
1826 1168 2022 1214 orato-e

295 1241 386 1275 res
421 1228 731 1287 debuiss'ent,
783 1236 955 1275 tamen
999 1244 1097 1277 nec
1131 1231 1253 1279 dum
1284 1231 1513 1280 Athenis
1554 1240 1724 1291 neque
1760 1229 1870 1276 alibi
1904 1228 1992 1274 nisi

295 1297 481 1343 minuti
515 1301 753 1342 oratores
790 1297 1243 1357 conspiciebantur.
1311 1296 1646 1360 Empedoclis
1683 1298 1845 1362 enim,
1883 1295 1993 1341 hac

299 1364 352 1410 in
392 1369 476 1415 re,
511 1362 634 1410 nihil
665 1360 738 1409 est
773 1363 1135 1417 memorabile,
1171 1363 1260 1411 nifi
1303 1364 1440 1425 quod
1478 1363 1770 1411 rhetorices
1804 1368 1862 1409 ut
1875 1360 1991 1425 spe-

299 1428 440 1475 cialis
480 1429 608 1474 artis
643 1425 796 1474 fuerit
829 1426 881 1474 &
914 1426 1092 1475 auctor
1139 1429 1191 1476 ὅ(
1238 1428 1379 1476 actor
1431 1427 1503 1490 ³⁸¹).
1606 1427 1843 1490 Gorgias
1863 1442 2010 1480 vero,

202 1514 208 1519 ¹
298 1489 658 1556 sophistarum
695 1499 868 1554 pater,
930 1493 1019 1539 etsi
1068 1495 1318 1554 impetum
1354 1494 1609 1556 quendam
1642 1494 1694 1540 &
1731 1495 2009 1556 poeticum,

277 1566 665 1615 *ornamentum
700 1557 959 1606 addidisset
993 1573 1094 1606 non
1129 1558 1419 1621 Olympicae
1464 1559 1565 1607 suae
1618 1561 1836 1608 orationi
1887 1565 1993 1607 tan-

296 1631 410 1674 tum
434 1658 447 1682 ,
485 1639 586 1686 qua
626 1623 848 1673 Graecos
887 1624 1133 1672 adversus
1168 1625 1352 1674 Persas
1390 1625 1441 1673 &
1477 1626 1704 1674 incitavit
1742 1624 1795 1672 &
1830 1640 1993 1672 arma·
2001 1620 2012 1625 ”

297 1695 406 1745 vit,
441 1691 523 1738 sed
560 1694 711 1739 etiam
747 1689 1073 1747 funebribus,
1110 1706 1239 1752 quas
1277 1695 1326 1739 in
1355 1693 1617 1749 honorem
1653 1692 1714 1740 ad
1736 1690 2000 1748 Salamina·

303 1757 585 1805 occisorum
625 1756 769 1809 fecit,
809 1756 883 1816 **)
932 1761 1106 1804 tamen
1150 1763 1209 1806 ut
1243 1756 1400 1806 effuse
1434 1756 1487 1805 &
1521 1756 1785 1820 pueriliter
1817 1754 1996 1807 dicens

297 1820 706 1886 perstringitur
706 1822 820 1883 ¹³.**)
889 1823 1186 1869 Alcidamas
1210 1810 1383 1870 autern
1406 1825 1675 1887 discipulus
1707 1822 1846 1886 ejuS.
1868 1825 1994 1881 den·

301 1889 351 1960 fa
389 1887 442 1935 &
483 1889 758 1949 vulgariori
790 1886 910 1937 usus
950 1886 1021 1936 est
1055 1887 1288 1938 dictione
1319 1889 1475 1954 *““**),
1542 1889 1857 1940 Theodorus
1886 1891 1992 1953 pri-

1909 1955 1990 2029 sca

337 2142 350 2150 ”
365 2177 409 2228 *)
439 2162 617 2226 ρυῑη111.’
643 2176 729 2218 Lib.
757 2163 961 2229 HICCap.
985 2176 1018 2217 1.

362 2259 433 2309 ⁸¹⁸³)
458 2260 644 2302 Philostr.
676 2260 728 2300 de
763 2258 845 2299 vita
872 2256 1269 2310 Sophistarum'Lib.
1299 2261 1336 2303 Ι.

356 2343 453 2387 -***)
481 2341 650 2397 Dionys.
683 2343 812 2386 Helie.
841 2343 891 2383 de
918 2342 998 2386 vita
1028 2342 1116 2386 Isaei
1136 2340 1397 2385 &Dinarchi.
1461 2343 1677 2397 Lugduni,
1711 2334 2004 2384 MDLXXXL'

458 2424 468 2439 .
495 2411 558 2440 21.

302 2521 310 2524 ,
353 2412 483 2526 .***ἰ)
513 2473 752 2519 Eandem
782 2475 1020 2534 Dionyfiio‚
1052 2477 1078 2519 1.
1102 2492 1138 2520 c.
